2488 4464
185 708 190 747 l

167 429 173 447 κ
260 363 379 507 1⁶4⁸
481 381 706 518 βαγζΧΗῘ.
736 385 801 475 De
821 385 1004 502 Papismu

320 587 324 594 ⁴
349 573 443 702 db
468 621 683 734 utraque
703 618 839 728 parte
865 578 1115 720 concello.

639 767 671 857 §-
696 763 844 846 CCLX.

202 933 211 963 t
333 879 376 959 ln
394 877 621 979 sequentibus
632 861 799 974 ,inprimit
817 873 1012 967 Adversarii
1033 878 1227 960 nobiscua

135 989 138 996 '
262 977 501 1058 consentiunt·
523 1000 525 1004 ·
553 975 579 1051 l.
602 973 635 1050 S.
651 974 870 1071 Scripturam
885 975 1040 1064 divinam
1057 981 1228 1056 contine

264 1101 304 1154 re
321 1074 598 1156 revelationem,
621 1087 661 1146 ut
680 1072 801 1147 omnia
819 1073 855 1165 in
884 1095 923 1146 ea
943 1072 1068 1152 tradita
1084 1095 1181 1150 vera
1206 1081 1228 1154 a

265 1173 384 1250 divina
401 1169 564 1246 habenda
585 1166 661 1242 sint.
729 1166 772 1244 ll.
793 1163 851 1243 De
870 1163 954 1243 Deo
970 1166 1117 1244 Triuno
1141 1175 1228 1266 ejus

81 1325 83 1332 ,
131 1267 136 1284 '
205 1329 207 1336 .
242 1291 337 1368 -que
359 1267 530 1365 operibus
561 1263 746 1340 nobiscum
772 1265 892 1338 omnia
915 1287 955 1338 ea
980 1257 1220 1342 confitentur

263 1387 346 1466 quae
363 1366 400 1441 in
415 1358 613 1462 Symbolo,
631 1361 732 1460 quod
752 1359 1001 1457 Apostolicum
1023 1385 1162 1441 vocare
1185 1365 1228 1441 so

228 1533 235 1560 s
263 1461 400 1548 temus,
420 1459 597 1535 credenda
619 1471 887 1556 proponuntur.
947 1455 1053 1534 Unde
1074 1463 1228 1537 credunt

263 1555 388 1636 Deum
402 1553 566 1633 ¹Universr
584 1554 691 1650 hujus
709 1553 917 1640 Creatorem
935 1545 1228 1635 acConservato'

264 1649 465 1740 ramesse,
487 1655 550 1751 qui
573 1654 695 1726 omnia
713 1650 861 1749 provida
883 1649 942 1728 sua
965 1673 1048 1728 cura
1070 1669 1178 1752 gerat
1195 1675 1229 1734 at

172 1821 180 1849 ‚
263 1751 418 1849 dirigat,
444 1745 613 1834 ut'nihil,
632 1751 670 1823 in
687 1749 793 1824 rebus
813 1749 917 1841 etiarn
933 1746 1118 1839 humanis,
1136 1756 1229 1828 acci·

264 1848 350 1926 dere
365 1843 470 1946 pollrt
483 1844 588 1944 quod
602 1844 726 1920 divino
738 1845 893 1920 Arbitrio
908 1867 983 1920 non
998 1845 1104 1924 subfit
1118 1865 1229 1945 atque

122 2021 124 2032 ,
264 1946 311 2022 ab
326 1967 371 2020 eo
387 1943 550 2041 pendeat.
614 1939 672 2016 lll.
696 1939 782 2016 Non
803 1943 922 2017 minus
938 1943 1229 2031 aenosdocent,

264 2037 389 2116 Deum
402 2041 446 2113 ab
466 2053 623 2121 aterno,
645 2037 760 2112 modo
781 2039 885 2113 nobis
902 2037 1006 2136 plane
1020 2041 1229 2140 incompre-

262 2133 428 2211 henlrbili
439 2147 547 2231 atque
561 2133 715 2232 mysterii
731 2129 866 2231 pleno,
912 2135 1229 2224 enerailel'ilium,

101 2307 104 2314 Δ
165 2273 169 2281 =
264 2253 342 2308 non
359 2230 461 2308 simili
477 2245 639 2317 tautum,
655 2228 717 2306 sed
731 2229 854 2305 eadem
869 2255 887 2306 e
917 2235 1010 2310 entia
1024 2236 1230 2332 praeditum,

263 2323 351 2406 Deo
370 2327 462 2406 Patri
475 2342 714 2413 coaeternum,
729 2328 853 2402 iisdem
868 2349 953 2404 cum
964 2327 1063 2405 Patre
1079 2331 1226 2416 diuinis,

245 2425 454 2503 ·Attributis
471 2425 707 2522 gaudentem,
728 2421 867 2500 nonnili
880 2423 952 2500 sola
971 2423 1226 2507 personalitatis

264 2524 483 2693 gfolssletile
499 2523 544 2633 ab
569 2521 647 2632 ipso
663 2519 896 2634 differentem.
958 2519 1127 2636 Eundem
1146 2545 1225 2602 cnm

294 2631 368 2693 atre
387 2617 435 2690 de
451 2615 665 2692 redlmendls
684 2637 731 2691 ex
748 2615 879 2694 misena
902 2615 1112 2696 honumbus
1130 2621 1226 2700 Cone

240 2749 244 2758 ·
264 2709 381 2787 filium
399 2713 443 2786 ab
463 2727 597 2786 aeterno
617 2709 748 2800 iniisse,
777 2716 811 2788 in
831 2711 1017 2798 Mundum
1038 2718 1173 2794 venille
1190 2733 1226 2794 ut

243 2847 245 2852 v
264 2829 350 2884 cutn
374 2807 527 2884 humana
546 2809 706 2884 uniretur
723 2825 850 2886 natura
864 2826 1002 2912 ,wlatque
1018 2818 1141 2890 omnis
1160 2833 1223 2894 tarn

265 2903 449 3002 originalis
474 2926 581 3002 quarn
607 2902 748 2981 adualis
770 2909 904 3002 peccati
923 2929 1053 3008 expers
1073 2907 1096 2990 a
1115 2911 1224 2990 Maria

265 3003 537 3101 conciperetur,
562 3019 743 3098 pareretur
761 3005 796 3076 &
821 3005 953 3084 uiueret
970 3059 981 3091 ‚
998 3007 1097 3083 unita
1109 3007 1223 3084 Dein.

159 3185 161 3190 ,
263 3111 302 3175 te
321 3122 405 3202 cum
424 3098 644 3176 humanitate
661 3100 697 3174 in
720 3100 842 3173 eadem
861 3096 942 3198 Jelu
960 3101 1091 3178 Chiiili
1108 3102 1197 3182 Pers
1211 3148 1225 3167 ·

262 3215 339 3287 ua3
361 3193 451 3272 ¹lioc
471 3217 555 3271 eurn
575 3207 610 3269 in
630 3191 737 3269 finem
760 3194 895 3282 fadum
916 3195 1016 3274 fuisse
1034 3199 1222 3279 nobiscum

171 3323 188 3392 '.
259 3293 502 3377 ‘contendunt
523 3307 563 3366 ut
579 3289 710 3370 Mundi
729 3289 891 3368 Salvator
903 3291 991 3380 fieri,
1011 3294 1096 3373 loco
1118 3299 1223 3376 nossri

263 3411 299 3454 το
319 3385 477 3476 asamona
494 3387 582 3484 legis
600 3386 768 3486 implere,
800 3392 872 3485 pati
896 3393 930 3464 de
956 3394 1050 3467 mori
1063 3393 1221 3496 adeoque

261 3505 410 3581 poenam
433 3500 583 3581 peccato
605 3483 760 3559 debitam
780 3483 946 3562 sullinere
969 3489 1093 3596 pollet.
1156 3491 1220 3570 Sal·

251 3595 423 3662 autorem
450 3584 563 3654 etiam
582 3577 602 3654 a
623 3584 777 3657 mortuis
797 3581 1056 3673 resuscitatum,
1083 3588 1120 3662 in
1139 3588 1219 3666 Coe·

262 3673 339 3775 lum
360 3675 520 3752 evetium
540 3677 590 3750 ibi
608 3700 675 3772 pro
689 3669 865 3754 redemtis'
883 3681 1134 3770 intercedere,
1165 3707 1219 3761 ne·

260 3795 332 3872 que
345 3769 418 3870 fine
434 3796 479 3850 eo
497 3772 706 3851 hominibus
719 3775 876 3914 Salutem
891 3777 994 3854 reddi
1010 3778 1216 3958 potusiellggl
