2496 4460
287 315 832 507 Cnp.X1K·DePnpisrrrn.'
867 448 873 459 =
978 426 1067 510 242

78 578 173 658 fitam
191 577 493 680 tmprenantun
523 579 660 681 inique
689 599 841 682 propter
865 581 1063 674 snlnm'nm'

78 678 292 756 duritatem
311 678 407 780 fitam
420 673 593 758 arentum
605 681 807 782 prebeant,
831 683 1060 782 tyrannidem

74 773 380 854 inconscientirs
397 791 550 854 exercet.
1132 821 1137 828 -

415 926 449 1010 §-
471 916 705 1000 CCCLXVI.
763 945 765 954 ’

141 1029 248 1110 'i'ale
261 1042 389 1109 nutem
399 1027 464 1130 Jus
478 1029 524 1108 Pa
551 1045 802 1130 aecompetere
815 1035 963 1110 minime
973 1035 1053 1134 pos-

67 1125 103 1206 se
122 1126 177 1206 src
198 1129 481 1212 demonstratur.
525 1055 592 1226 ‘ius
607 1128 752 1224 aliquod
770 1133 806 1206 in
829 1131 916 1208 alios
935 1131 1053 1208 honri·

67 1249 134 1300 nes
153 1224 308 1325 duplici
323 1227 469 1302 ratione·
480 1222 690 1322 acquiritur,
711 1227 767 1302 v'el
781 1227 1053 1324 perconceffic-

69 1345 157 1396 nem
181 1325 267 1414 ejus
288 1325 324 1410 in
373 1332 456 1400 uem
471 1318 535 1420 Jus
553 1321 644 1398 iilud
667 1331 879 1412 exercetur,
906 1325 964 1399 vel
986 1347 1051 1422 per

70 1417 327 1506 immediatam
392 1413 711 1494 eiconceffionem.
803 1416 917 1497 Priori
937 1421 1051 1500 modo
1118 1428 1133 1458 ‘

74 1511 231 1610 Reges,
261 1512 444 1613 Principes
458 1529 565 1614 atque
586 1513 814 1612 Magistratus
837 1515 1050 1615 potestatem
1078 1584 1084 1592 .
1169 1581 1172 1588 ,

81 1606 233 1686 immin
254 1611 418 1688 subditos
437 1625 673 1708 acceperunt;
705 1613 792 1688 dum
814 1613 849 1687 in
872 1611 1050 1692 Societate
1111 1697 1115 1708 ,

78 1703 240 1810 humana
262 1711 356 1796 inter
367 1705 567 1804 Principem
587 1706 818 1806 subditosque
833 1705 874 1784 srt
889 1731 1049 1784 conven-
1086 1766 1089 1774 ,

77 1806 304 1888 tiornutua,
327 1821 367 1882 ut
385 1804 428 1879 ab
437 1811 441 1891 ζ
456 1825 527 1880 una
547 1819 647 1901 parte
669 1829 709 1878 ea
731 1817 833 1880 curet
852 1829 893 1881 ac
918 1805 1049 1901 dirigat

71 1899 279 1998 Princeps,
295 1923 373 1998 quae
389 1901 432 1976 td
453 1900 729 2072 tranffluiiitatem
761 1923 802 1980 ac
824 1895 1058 1980 securitatem

70 1998 265 2094 publicam
280 1995 446 2093 spetiant,
466 1995 528 2073 sub
558 1998 596 2072 ‘ti
609 2019 736 2077 contra
752 2021 892 2074 motem
904 2018 1044 2094 xgerant,

70 2097 109 2168 δι
126 2093 225 2169 nihil
244 2116 374 2182 eorum
399 2095 567 2188 omittant
591 2117 672 2192 qure
690 2094 734 2169 ad
754 2097 1047 2192 promovendum

71 2191 223 2267 bonum
235 2190 423 2287 publicum
434 2185 601 2288 Princeps
616 2189 711 2266 utilia
721 2214 761 2272 ac
777 2187 962 2266 neceiiaria
980 2189 1047 2266 du-

78 2287 142 2364 cit
196 2281 338 2368 Etcum
358 2283 549 2362 Potestares
563 2282 791 2384 superiorest
812 2284 898 2366 Deo
910 2283 1047 2360 institu-

75 2397 126 2458 tae
140 2381 242 2468 sunt,
261 2379 444 2479 Principes
461 2385 567 2468 etiam
590 2403 635 2457 ex
655 2382 859 2456 immediata
874 2380 941 2456 Dei
956 2403 1046 2456 con·

73 2478 236 2556 ceffione
248 2477 312 2579 Jus
326 2478 413 2554 illud
429 2477 573 2562 habent,
593 2477 694 2576 quod
708 2474 751 2553 ad
771 2476 956 2554 utilitatem
975 2499 1043 2571 pu-

73 2575 213 2654 blicam
226 2573 440 2654 insubditos
458 2573 538 2651 suos
556 2588 735 2650 exercent.
785 2573 822 2650 Si
840 2597 930 2668 ergo
951 2571 1044 2671 Papa
1185 2595 1190 2606 ·
1236 2597 1245 2612 ·

72 2670 94 2772 J
98 2675 140 2750 us'
157 2672 271 2748 habet
283 2673 319 2746 in
332 2671 521 2747 hominum
535 2671 777 2758 conscientias,
794 2673 847 2748 uti
855 2669 1048 2768 Magistra-

73 2787 147 2850 tus,
167 2767 341 2868 politicus
367 2765 583 2844 Dominium
612 2769 756 2868 exercet
790 2770 826 2844 in
850 2765 1044 2844 nonnullas

77 2865 307 2943 subditorum
333 2865 487 2941 atiiones
506 2879 705 2948 externas,
752 2863 841 2941 illud
872 2861 1046 2960 poffrdeat

81 2977 231 3057 oportet
245 2960 304 3036 vel
323 2985 370 3038 ex
393 2956 618 3036 conceffione
633 2981 759 3034 eorum
773 2961 816 3032 in
837 2981 931 3128 flium
951 2956 1056 3038 irruet
1167 2985 1168 2994 ¹

76 3074 244 3146 exercet,
267 3057 323 3134 rel
344 3081 390 3134 ex
408 3057 612 3132 immediata
633 3053 704 3133 Dei
718 3078 835 3133 conce
863 3053 956 3130 'one
1089 3106 1098 3124 .

392 3202 424 3291 r.
445 3164 694 3282 cccrxvn.

169 3309 231 3392 Ex
245 3309 476 3410 aeoncessrone
500 3337 626 3392 eorum
645 3311 683 3387 in
702 3280 803 3412 quos⁶
815 3287 908 3410 Pana
922 3309 1046 3414 Junii-

68 3409 139 3492 rud
158 3429 308 3487 exercet
320 3411 357 3486 id
374 3406 450 3485 fieri
471 3433 538 3486 nec
556 3412 775 3512 potuit,'nec
793 3406 925 3508 debirit.
951 3409 1046 3486 Non'

74 3510 234 3606 potuit,
261 3509 343 3603 quia
365 3531 474 3584 nemo
489 3507 681 3583 hominum
707 3503 917 3606 potestatem
935 3505 1043 3582 habet
1126 3517 1129 3524 '

64 3609 180 3706 facere
200 3605 324 3696 aliquid
337 3625 485 3700 apparere
506 3605 668 3678 inreieiirri
680 3601 738 3694 fun
762 3627 893 3689 verum,
918 3602 1043 3698 quando

72 3707 86 3775 ί
100 3703 140 3792 fi·
154 3701 307 3784 voluerit,
323 3715 361 3774 ut
375 3699 507 3777 Comes
526 3690 796 3780 Mirandulanus
811 3695 943 3795 scripit
956 3697 1043 3777 teste'

123 3797 191 3878 AV
202 3793 357 3912 EN.AN
368 3793 472 3880 TIO
497 3797 648 3990 ἆεᾶιᾰὶοε
661 3796 710 3890 Εᾷ
723 3790 1041 3970 ncrmafidfixglafi
