2404 4448
241 199 347 384 Can.
371 269 479 358 XV.
500 267 566 360 De
580 269 776 364 Fanaiiris.
874 355 879 360 .
941 305 1024 390 455

381 470 414 556 §.
438 459 678 542 CCLXXiV.

100 555 145 633 V.
164 559 221 638 Ad
243 559 493 640 evertendam
506 562 614 638 etiam
637 560 888 640 Satisiaiiionir
902 563 1032 640 neces·.
1083 579 1087 586 ·

37 651 163 730 litatem
184 659 436 740 Adversarius·
449 681 532 756 pag.
553 679 606 748 -r4
632 659 751 734 dicit:
791 658 833 736 ln
849 662 1025 740 omnibns*

36 751 140 826 Molis
152 751 281 832 Libris
299 755 446 831 nullam
460 751 655 848 expreli'am
677 770 816 833 aetetnae
829 755 944 834 salutis
962 758 1018 833 rel

36 846 172 926 miserie
193 855 365 951 reperiri
392 847 660 946 promiffionem
684 867 745 929 aut
765 856 1017 931 comminatio·

35 967 125 1030 nem,
141 947 239 1024 dum
257 973 315 1026 eae
332 946 478 1024 nonnisi
498 945 542 1022 ad
560 947 764 1044 praesentem
782 954 819 1024 in
841 963 933 1030 tetta
949 948 1018 1027 Ca-

33 1063 146 1118 nanaen
167 1049 290 1121 vitam
315 1046 389 1120 sese
410 1043 648 1126 extenderent
673 1069 685 1135 3
732 1043 839 1126 Unde
858 1049 1019 1142 Dipoenus

10 1191 11 1194 a
35 1134 243 1218 hauddubie
263 1142 375 1241 sequi
389 1143 604 1230 arbitratur,a
625 1139 834 1220 Duiltinam
851 1144 897 1234 de
913 1142 1029 1230 Satio,

34 1231 181 1312 serlione
202 1263 281 1337 pro
317 1240 476 1338 peccatis
498 1227 655 1314 litbelltis
668 1239 898 1335 plane'fuilie*
914 1245 1020 1316 ioco·
1142 1301 1144 1308 .

36 1332 177 1426 gnitum.

10 1447 11 1450 ‘
382 1446 417 1533 §-
442 1439 669 1520 CCLXXV.

128 1551 332 1650 Quaeritur?
347 1561 493 1658 itaque,
516 1561 552 1635 ni
568 1557 697 1641 fallor,
722 1553 951 1632 anDollrina
971 1557 1017 1634 de

43 1647 168 1729 lnlmae
183 1656 468 1733 immortalitate
487 1659 524 1732 in
538 1653 652 1732 Libris
667 1652 777 1730 mons
793 1651 898 1728 fuerit
911 1653 1019 1728 tradi.

43 1749 150 1824 nul
176 1749 338 1846 Populo
358 1751 428 1828 Dei
448 1749 885 1834 anteClnistiadventum
900 1748 1016 1826 credi·

12 1904 13 1907 .
44 1843 99 1916 tai
118 1845 263 1922 Namfi
291 1850 421 1924 animae
437 1849 683 1925 immortalitas
704 1845 805 1921 dolia
827 1845 912 1932 fnit,
935 1835 1015 1921 Do-

47 1937 143 2018 iltina
160 1943 247 2027 illa,
267 1950 408 2044 absque
428 1949 531 2021 nonni
553 1941 809 2027 controversae,
830 1945 935 2019 etiam
960 1945 1014 2018 in-

15 2056 18 2061 *
45 2035 147 2114 uoluit
159 2041 220 2115 vel
235 2035 385 2118 felicem
403 2042 457 2118 vel
472 2042 648 2123 infelicem
664 2040 819 2116 hominis
831 2039 910 2134 post
923 2038 1020 2116 hanc

13 2151 20 2196 t
50 2133 142 2209 titan
153 2137 304 2213 statum.
333 2137 587 2237 Suppnnamus
606 2153 725 2214 autem
750 2163 782 2211 a,
801 2135 1017 2212 Dodrinam·

13 2255 17 2293 ι
56 2224 223 2320 deanimae
248 2235 521 2310 immortalitate
547 2235 617 2310 live
640 2235 727 2308 statu
754 2229 809 2306 vel
836 2231 929 2306 felici
955 2231 1012 2304 vel

14 2346 17 2388 τ
54 2319 174 2412 infelici,
250 2331 397 2408 ithanc
421 2335 529 2409 vitam
551 2329 645 2407 haud
668 2329 758 2404 adeo
785 2327 1011 2424 frequbnter,
1150 2371 1152 2381 ,

14 2475 16 2482 ,
52 2426 161 2499 nonin
217 2429 310 2502 ibris
332 2425 446 2504 solum
474 2427 583 2504 Molas
605 2425 662 2501 sed
683 2426 794 2500 totius
812 2421 892 2498 Ver.
915 2422 1019 2498 Tell:

51 2511 136 2594 iuliie
157 2523 399 2600 inculcatam.
425 2525 513 2600 nihil
535 2539 651 2602 tamen
679 2519 763 2598 inde
784 2519 1016 2619 sequeretur-5

14 2629 16 2705 ζ
53 2629 124 2690 narn
145 2625 239 2696 ratio
262 2621 341 2696 haec
359 2619 493 2707 millet,
516 2623 598 2720 quia
617 2619 771 2717 ‘Dogma
788 2617 859 2692 hoc
877 2619 922 2694 ita
943 2631 1016 2694 no:

14 2731 15 2734 ’
57 2713 120 2784 lutn
140 2709 413 2812 hominumque
441 2721 565 2794 animis
586 2713 789 2814 impreilum
815 2714 901 2802 fuit,
923 2715 1009 2802 uta
1143 2729 1147 2736 '

14 2855 16 2862 -
59 2810 258 2892 aauctffimis
281 2817 315 2887 in
336 2814 486 2890 dubium
501 2814 606 2890 fuerit
623 2829 809 2895 vocatum,
828 2813 880 2887 uti
893 2810 1011 2887 adhuc

58 2893 153 2982 hodie
170 2907 190 2986 d
210 2909 398 2985 nonnullis
418 2908 476 2994 iit,
498 2910 583 2988 licet
597 2913 721 2982 veritas
745 2907 820 2990 haec
837 2909 874 2980 in
898 2905 943 2980 N.
962 2905 1007 2981 T.
1046 2995 1048 3002 Ι
1083 2953 1084 2956 ¹

13 3015 14 3022 ¹
56 2987 159 3076 Libris
173 3003 561 3082 clariiiamedoceatur.
615 3001 662 3080 Ea
676 3004 842 3078 nimirum
860 3001 1010 3106 Spiritus·

57 3087 93 3164 S:
107 3093 405 3199 scriptorumque
420 3101 453 3178 S.
482 3101 530 3176 eil
553 3098 801 3183 consuetudo,
836 3112 877 3178 ut
897 3113 1009 3174 certas

53 3195 208 3274 veritates
226 3201 419 3275 hominum
433 3198 557 3275 anitnis
579 3211 700 3270 natura
716 3193 843 3280 infitas,
860 3217 926 3273 ceu
946 3219 1010 3280 ex-

56 3292 101 3373 tm
120 3311 268 3370 omnem
286 3289 545 3371 dubitationem
558 3289 698 3388 onitas,
712 3291 935 3379 fundamenti
952 3292 1013 3368 lo-'
1104 3321 1107 3328 ·
1134 3349 1136 3358 .

56 3400 100 3493 co·
109 3390 405 3488 praesupponunt,
425 3389 664 3490 eaqueiolum
684 3387 920 3480 tradant-quae
938 3387 1006 3463 ho·
1073 3449 1077 3458 .

59 3485 153 3557 mtnia
173 3511 219 3562 ex
239 3491 373 3586 peccati
393 3489 525 3566 miseria
543 3487 788 3562 liberationem
806 3483 1006 3580 respiciunt.
1067 3567 1071 3574 ,

57 3567 102 3648 lta
122 3577 242 3658 Deum
265 3586 437 3673 existere,
464 3584 571 3682 idque
593 3582 761 3658 omnibus
787 3577 854 3658 elie
874 3577 1011 3669 notilli-'

62 3689 176 3765 mum.
199 3679 232 3789 S
247 3679 430 3780 Scriptura
447 3680 720 3855 pssaefsupponit,
748 3699 869 3777 neque
887 3679 923 3750 in
944 3673 1010 3774 deq
1036 3781 1038 3790 .

544 3799 577 3871 4·
651 3795 654 3806 ·
908 3789 1011 3848 mon:
1069 3855 1075 3866 .
