2446 4444
205 341 297 453 vcapg
311 329 441 428 XVI
449 334 481 428 1.
507 333 573 422 De
582 336 826 428 mutareris.
952 363 1027 444 553

66 529 145 613 &u
164 527 210 608 fic
224 530 395 612 eveniunt
408 539 607 626 propterea,
624 529 708 624 quia
722 527 824 608 Deus
840 539 879 604 ut
891 525 937 604 fic
952 548 1033 602 eva-

67 632 211 714 nirent,
237 621 471 703 intendebat?
493 621 710 705 Potiffimum
730 625 834 718 hujus
857 625 1035 704 sententiae
1102 663 1105 670 ’
1138 628 1140 634 ’

67 721 345 803 tundamentum
366 721 438 801 hoc
468 735 682 816 argomento
697 735 864 818 tanquam
886 717 955 796 basi
975 718 1034 796 sua

72 823 197 900 nititur
216 843 225 898 :
250 817 350 900 Nihil
365 815 461 896 credi
479 815 628 904 debete,
647 817 747 916 quod
770 815 928 916 Justitiae,
948 816 1035 891 Sau-

72 916 192 1000 nitati,
210 913 358 994 Veritati
373 913 408 992 ἃ
423 910 573 988 Puritati
585 909 711 989 divinae
727 917 946 992 contrarium
964 912 1037 1004 est3¹

69 1009 150 1090 Effe
176 1009 253 1092 haec
280 1010 456 1091 Attrihuta
483 1010 519 1083 in
541 1004 625 1088 Deo
653 1007 846 1086 secundum
877 1009 1034 1093 nostras,

69 1131 160 1202 quas
176 1108 220 1190 de
238 1110 280 1180 iis
298 1105 481 1190 habemus,
505 1106 697 1196 notiones;
725 1103 798 1182 Nisi
817 1104 916 1204 quod
931 1109 965 1178 in
982 1105 1052 1200 ip-·

67 1204 110 1306 so
137 1203 202 1284 smt
230 1201 368 1283 infinite
387 1199 622 1298 perfeetiora,
651 1199 943 1300 quandoquidem
969 1222 1036 1276 nos

68 1325 112 1377 ea
132 1302 257 1379 inritati
280 1301 446 1392 jubemur
463 1326 474 1384 ς
494 1296 588 1372 Cum
607 1320 652 1378 ex
674 1297 843 1396 opposito
862 1295 1037 1378 Doctrina

70 1398 121 1476 de
144 1394 315 1474 tutotuto
335 1391 495 1470 Decreto
516 1389 730 1480 clatiffimis,
758 1417 844 1494 quas
867 1393 911 1468 de
932 1391 1037 1490 Juni-

68 1495 134 1578 tia,
151 1491 355 1575 Sanititate,
374 1487 539 1574 Veritate,
558 1490 594 1564 &
610 1487 776 1568 Bonitate
793 1489 865 1567 Dei
883 1489 1037 1570 formate

11 1653 14 1698 3
68 1585 271 1694 poliemus,
291 1585 383 1668 lueis
398 1585 578 1664 manifeste
592 1588 823 1672 contradicat.

11 1857 13 1870 =
172 1801 453 1884 Responsio.
491 1805 542 1882 lta
560 1804 750 1886 Adversarii
768 1805 878 1882 nostri
897 1804 940 1882 ad
961 1801 1038 1881 Do-

11 1949 13 1994 7
72 1903 222 1981 driuam
244 1901 339 1978 suam
361 1901 530 1977 tuendam
545 1925 590 1978 ex
604 1906 679 1997 ejus
692 1928 775 1980 cum
794 1902 1040 1982 divinisAttti·

11 2049 13 2092 5
71 2000 172 2075 bntis
190 1998 442 2078 conformitate
473 2013 687 2096 contrarios
712 2014 1034 2096 argumentantur3
1063 2005 1066 2010 '

10 2141 17 2188 ρ
75 2095 203 2194 quue
224 2097 372 2176 nomine
394 2096 547 2170 nostram
568 2095 612 2170 de
628 2093 789 2180 Decretis
816 2096 941 2171 divinis
964 2091 1042 2174 Do·-

10 2217 18 2288 3¹
79 2193 223 2271 niteam
247 2191 438 2303 respuunt²
485 2191 558 2266 uod
583 2191 641 2271 itta
661 2191 792 2272 divinis
815 2189 1042 2270 perfectioni.

10 2337 17 2376 ‚·
81 2289 146 2362 bus
158 2302 332 2391 contraria
352 2285 401 2362 fit.
508 2310 548 2362 os
564 2301 690 2363 contra
717 2289 846 2363 eodem
865 2287 907 2362 ad
925 2305 1043 2386 oppu-

10 2439 14 2483 ;
82 2383 258 2501 guandam
277 2406 403 2460 eorum
422 2379 628 2460 sententiam
646 2385 779 2460 utimur
800 2398 1041 2481 argumento,

10 2533 13 2578 r
78 2475 288 2556 aconseniu
318 2480 486 2554 nimirum
523 2477 665 2554 summo
684 2477 881 2557 ,Doctrina
918 2477 1044 2553 nostrae

10 2629 12 2673 3
75 2599 162 2656 cum
182 2575 308 2656 divinis
323 2576 509 2657 Attributis
536 2573 708 2654 desumto,
775 2573 947 2670 Omnino]
965 2573 1046 2650 uni-

74 2671 214 2748 uersalis
231 2671 427 2770 haecatque
445 2674 624 2771 precipua
644 2675 762 2751 omnir
786 2671 966 2750 Dodrinae
987 2694 1043 2745 re-

78 2769 183 2869 gula,
208 2773 327 2845 omnis
345 2770 499 2846 veritatis
517 2791 643 2844 norma
664 2785 770 2866 atque
793 2769 909 2867 lydius
929 2767 1041 2863 lapis,

76 2868 201 2939 omnis
212 2866 317 2940 atiani
333 2863 547 2961 theologicae
565 2864 812 2940 controversiae
834 2862 1042 2953 dijudicatio

74 2962 148 3047 est,
170 2984 256 3038 num
274 2959 423 3056 Dogma
440 3003 441 3006 κ
457 2960 512 3033 vel
541 2959 710 3056 placitum
742 2956 888 3057 aliquod
917 2955 1044 3032 divinis

75 3057 269 3146 Attributia
290 3055 481 3140 conforme
498 3053 540 3130 fit
555 3077 622 3131 nec
636 3079 693 3131 ne.
757 3055 945 3147 Quantum
966 3057 1053 3154 qui-1

75 3157 168 3233 demv
185 3174 256 3250 ego
270 3151 376 3227 video
395 3152 512 3227 omnis
530 3173 613 3229 cum
648 3149 978 3228 Remonstrrmtibus
1002 3173 1048 3225 ex
1119 3169 1131 3198 ·
1210 3251 1211 3272 Ν

76 3253 116 3333 S.
137 3247 278 3326 Litteris
290 3247 480 3349 disputatio
493 3245 682 3325 frustrante
699 3247 771 3334 est,
793 3243 911 3324 saltem
933 3246 1045 3324 haite-

78 3369 153 3430 nus
175 3367 301 3421 omnes
320 3368 382 3420 eoa
397 3366 450 3440 ex
466 3342 646 3442 Scriptura
665 3345 905 3419 convincendi
936 3365 1045 3419 cona-

79 3463 145 3524 tus
165 3442 251 3516 irriti
271 3441 371 3524 fuere
393 3495 404 3525 ,
429 3440 517 3517 dum
541 3439 619 3516 talia
635 3439 736 3515 effata
756 3439 788 3514 ie
805 3437 868 3516 fibi
889 3439 1051 3515 invenire

81 3553 235 3640 putant,
261 3559 341 3633 quae
361 3536 465 3612 aliam
491 3557 599 3633 qutun
624 3536 761 3634 ptacitis
784 3536 849 3612 tuis
868 3535 1048 3612 consenta-

84 3657 196 3718 neam.
214 3634 543 3730 interpretationem
562 3653 639 3711 non
665 3630 853 3708 admittant
876 3663 885 3708 a
909 3653 950 3708 ea
964 3652 1051 3708 vero

87 3754 169 3840 quc
189 3727 273 3840 ipio
293 3727 337 3810 ad
356 3726 579 3910 probamfflro
607 3727 788 3826 Doiitine
815 3728 940 3813 oosttae
963 3731 1052 3802 veri-

509 3911 510 3916 a
534 3846 605 3910 ¹,m
627 3845 645 3918 5
943 3839 1051 3904 tatem
