2456 4460
259 439 263 450 ,
300 338 390 454 Cap.
407 329 528 438 XIV.
544 337 812 462 Drinium.
958 371 1040 486 319

71 527 261 624 &voluiti
282 550 325 618 ut
346 533 718 636 isrmplicibussetiam
734 539 889 636 intelllgi
897 558 1037 640 queant

69 635 125 724 (ς.
143 639 217 726 356
229 683 247 698 -
265 647 344 723 360.
359 641 401 726 ),
425 658 495 712 nec
516 658 593 712 nou
612 633 742 714 Christi
760 637 1036 810 Afostolorum-
1058 707 1063 717 ,.

68 755 138 830 que
149 733 256 832 praxi
269 733 329 820 (ς.
346 729 425 820 361.
444 731 570 824 362),
587 755 667 832 quae
680 731 775 810 haud
805 735 887 814 ubic
903 737 940 814 in
952 758 1035 816 out-

66 832 173 905 nibus
194 829 300 904 nobis
318 828 490 904 imitanda
519 827 569 904 est
590 850 621 918 ς.
634 827 850 912 Litterarum
873 833 980 908 etiam
997 831 1031 908 8.

66 927 279 1002 testimoniis
295 924 503 1000 contrariari
516 923 576 1014 (§.
592 929 670 1014 363.
684 929 726 1020 );
753 923 1036 1022 lnmllerabilen'a

63 1045 216 1122 qunque
229 1023 267 1097 in
281 1019 474 1096 hominum
494 1021 727 1098 conscientias
742 1023 967 1122 tyrannidem
980 1027 1035 1100 in·
1139 1048 1147 1075 ·=

63 1118 211 1204 volvit(
223 1117 257 1208 §.
276 1119 492 1231 364-36934)
509 1139 522 1230 3
537 1119 911 1231 convictionltandem
925 1121 1035 1198 adeo·

63 1212 1035 1409 tii{¹²luttlltluttlttllllttutin?

64 1407 260 1498 cultatibus
275 1408 422 1506 obsepta
441 1407 502 1494 est,
528 1427 636 1505 quana
655 1409 711 1486 via
725 1412 907 1488 examinis.
951 1409 1035 1488 Neo

70 1509 161 1582 enim
176 1503 330 1582 Plebsln
339 1501 491 1582 Ecclesia
505 1499 763 1584 Romanalcire
772 1507 901 1605 potest,
915 1507 1035 1606 quod·

70 1599 427 1694 naminiallibilitatis
444 1599 535 1678 illud
557 1597 599 1678 fit
616 1601 792 1689 tribunal,
812 1599 899 1680 dum
919 1605 1034 1681 maxi·

67 1722 142 1774 mus
159 1697 231 1774 hac
247 1699 285 1773 itt
305 1721 344 1773 re
358 1699 464 1775 etiam
486 1699 579 1774 inter
597 1697 827 1780 Doiliiltmoa
845 1697 887 1776 lit
909 1701 1035 1778 diuen-

64 1793 149 1882 sus,.
168 1795 333 1870 &nemo
349 1796 385 1869 in
404 1787 727 1872 EccleiiaRomana
746 1798 945 1871 inveniatur
969 1799 1034 1968 aui

63 1915 128 1968 ceu
143 1889 340 1966 infallibilis
360 1887 481 1988 Judex
497 1890 581 1970 liteu
594 1889 656 1966 has
674 1911 897 1992 componere
914 1917 966 1992 po
992 1893 1031 1970 't.

51 1986 143 2086 ‚Nec
159 2010 274 2086 porro
299 1985 518 2084 cognoscere
540 1985 658 2084 potest
680 1987 808 2087 plebs,
830 2011 919 2075 num
939 1987 1034 2089 Papa
1147 2079 1151 2086 ⁸

60 2107 186 2160 revera
200 2103 248 2160 ex
264 2079 441 2162 Cathedra
455 2083 600 2162 locutus
615 2082 656 2161 lit
669 2107 737 2162 nec
750 2079 823 2169 ne?
845 2083 930 2163 Hoc
944 2109 1032 2164 vero
1048 2094 1051 2098 ’

63 2179 263 2268 finesciat,
278 2182 383 2258 ctiam
398 2181 482 2256 scire
497 2184 644 2280 nequit,
664 2183 804 2257 numid
823 2183 924 2280 quod
946 2207 1034 2280 pro-

66 2279 245 2354 nuntiavit
265 2273 448 2352 infallibilc
470 2274 511 2351 fit
540 2275 556 2350 ‘l
594 2275 674 2354 Neo
694 2280 799 2352 etiam
824 2294 941 2354 certus
965 2277 1033 2354 elle

60 2373 183 2472 potest
194 2372 369 2471 Populus,
380 2392 469 2448 num
480 2369 689 2448 Concilium
703 2371 850 2470 aliquod
868 2378 970 2449 omni
985 2381 1033 2452 'cx

86 2482 165 2548 arte
177 2469 383 2568 legitimum
403 2465 443 2543 fit
460 2467 552 2566 (per
570 2465 715 2566 Propoi.
729 2466 793 2546 IV.
811 2473 825 2555 )
848 2467 933 2548 lux
952 2467 1033 2570 qul.

54 2495 126 2644 ῑυε
148 2579 267 2664 pater,
291 2586 476 2664 nunquam
503 2568 541 2640 iu
559 2563 752 2662 Religione
774 2559 961 2644 Pontificio
984 2567 1029 2646 ad

55 2662 320 2740 certitudinem
335 2666 372 2737 in
389 2659 471 2737 fidei
491 2660 656 2738 Articulis
669 2667 849 2760 perveniri
861 2661 969 2762 polle.
989 2665 1032 2744 ln

55 2759 262 2858 Religione
286 2774 406 2836 autem
434 2755 708 2836 protestantium
734 2814 760 2846 ‚,
782 2761 842 2838 ubi
865 2759 1029 2837 divinum

53 2857 232 2934 Verbum
249 2857 353 2932 unlca
371 2853 454 2931 fidei
468 2876 594 2931 norma
606 2855 823 2952 agnoscitur,
849 2856 945 2930 nulla
965 2858 1032 2933 alia

56 2979 98 3030 re
114 2975 215 3051 opus
228 2952 288 3040 est,
333 2967 413 3028 uam
429 2965 469 3029 ut
481 2951 681 3028 scrutentur
697 2943 828 3050 plebeil
843 2952 1031 3038 homiues,

54 3075 152 3128 num
177 3048 254 3126 hacc
275 2973 334 3124 va
351 3047 408 3124 illa
429 3051 556 3126 veritas
578 3049 615 3129 in
634 3045 697 3122 illo
715 3061 884 3124 contenta
902 3043 943 3128 fit
964 3069 1033 3134 nec

52 3141 135 3224 ne?
173 3142 289 3237 Quod
301 3144 458 3222 adhibita
475 3145 593 3224 debita
610 3143 796 3237 diligentia
809 3166 850 3220 ac
862 3139 1033 3224 attentio·
1110 3199 1117 3212 .

47 3269 126 3330 nc,
149 3242 346 3340 implorato
366 3237 517 3340 Spiritus
537 3239 571 3316 S.
596 3239 746 3326 auxilio,
767 3235 842 3314 fieri
863 3239 1032 3321 facillimo

45 3339 184 3444 potest
202 3361 214 3430 3
242 3341 417 3438 imprimis
437 3361 519 3412 cum
539 3335 615 3418 Lex
640 3337 759 3422 diuina
778 3335 870 3418 clara
890 3335 932 3414 fit
953 3391 965 3429 ,
989 3355 1034 3423 ut¹

48 3434 408 3518 oculoscoltusttet.
436 3433 546 3514 Plalm
568 3426 674 3512 xlx
1016 3451 1021 3464 ‘

393 3547 427 3636 §-
445 3541 704 3630 cccclxii

134 3631 351 3737 ‘ariamini
374 3637 727 3757 ouJucmo‘uarr
745 3651 891 3732 aarum.
942 3645 1034 3748 ux,
1199 3647 1226 3740 j

48 3776 96 3840 ta
116 3751 301 3878 Doilotet
319 3754 450 3868 scilicet
468 3747 639 3850 Ecclefiae,
652 3745 881 3852 Ptutcllantis
906 3767 1033 3822 verum

850 3867 876 3966 j
926 3839 1034 3941 scrip·
1149 3899 1152 3904 ,

1126 3799 1133 3851 l
