2446 4444
201 357 280 452 548
388 337 477 443 Gap.
499 329 555 420 X
559 331 628 422 VI
634 333 665 420 1.
682 327 749 418 De
775 331 1028 430 Arminianis.

198 535 326 648 giones
349 525 562 642 idololatfiae
579 521 695 600 adhuc
721 521 858 600 deditas
878 527 1022 623 reperiri
1046 582 1057 613 ,
1087 529 1170 608 alias

198 626 371 804 nii?
372 646 409 808 1¹²
410 617 731 816 {inanimi
745 619 1174 822 &ier-sinnida

199 838 275 900 tem
306 841 371 918 per
387 819 508 893 omnia
532 815 605 890 fere
625 812 747 889 saecula
772 814 899 889 mediis
916 813 1050 892 Gratiae
1074 819 1176 895 fuiiie
1217 831 1218 834 '

205 915 433 998 destitutam,
461 933 579 1010 neque
601 909 797 1009 quidquam
823 910 869 985 de
892 912 1011 986 medio
1042 913 1175 992 Salutis
1216 953 1218 1046 q

205 1033 329 1116 parato
345 1005 484 1086 sciuiss'e.
541 1006 728 1098 Quoniam
748 1020 867 1082 autem
889 1011 1033 1085 vocatio
1057 1013 1176 1089 invol·
1217 1089 1218 1094 a

202 1115 256 1187 vit
281 1107 386 1184 medii
422 1103 516 1180 illiue
543 1103 658 1178 saiutis
682 1104 933 1200 cognitionem
959 1104 978 1194 (
993 1105 1026 1193 §.
1056 1127 1114 1196 52.
1136 1112 1175 1202 );
1217 1115 1218 1126 ’

205 1204 352 1305 plurimi
378 1217 497 1278 autem
531 1197 658 1296 populi
683 1196 771 1274 illud
793 1201 991 1296 ignorant,
1016 1202 1177 1304 sequitur

205 1301 438 1380 vocationem
457 1299 605 1374 minime
629 1293 858 1372 universalem
875 1296 944 1373 dici
962 1295 1079 1395 porse.

614 1463 622 1479 .
651 1403 742 1483 LlV.

271 1479 374 1601 'Cum
401 1541 488 1598 vero
516 1411 664 1611 exte§rna
687 1519 831 1594 vocatio
854 1520 1077 1618 neutiquam
1100 1524 1171 1600 uni·

42 1645 46 1654 ·
205 1620 345 1696 venialis
358 1616 425 1706 fit,
447 1617 554 1692 etiam
567 1637 641 1700 nec
669 1616 810 1690 interna
829 1614 866 1690 a
887 1613 1014 1692 efficax
1031 1621 1169 1696 unirer-

205 1716 282 1794 salis
307 1716 371 1792 effe
396 1713 541 1813 potest,
573 1705 745 1812 siquidem
771 1709 816 1786 ad
851 1710 946 1786 illam
974 1711 1169 1813 requiratur
1217 1743 1218 1780 r

206 1815 338 1894 mentis
361 1809 600 1893 illuminatio,
620 1831 699 1904 quae
717 1805 872 1913 coniistit
890 1808 925 1882 in
946 1811 1167 1888 eonvifflone

208 1913 398 1986 veritatum
418 1904 650 1981 revelatarum
671 1904 708 1978 δι
725 1902 881 1979 distinda
897 1927 1017 1982 nexus
1036 1908 1161 1984 illarum

207 2003 516 2104 repraesentatione
532 2001 551 2086 (
559 1997 645 2098 Cap.
664 1998 722 2078 ill.
741 2005 774 2089 §.
797 2018 895 2088 1305.
919 2009 1031 2090 1306.
1046 2012 1079 2099 ),
1098 2023 1154 2102 qua
1217 2073 1218 2092 q

207 2097 409 2196 universalis
427 2121 502 2173 non
521 2097 570 2170 est
591 2095 703 2192 (Cap.
720 2093 778 2172 111.
801 2095 1012 2192 §.1313.);
1034 2100 1148 2200 requiri-
1217 2127 1218 2183 i

207 2213 267 2276 tor
284 2197 390 2273 etiam
415 2193 458 2270 ad
474 2192 571 2268 hanc·
591 2191 718 2268 divinae
733 2194 931 2268 vocationis
955 2203 1157 2292 partemue

238 2294 410 2370 occatoris
435 2289 598 2366 uoluntas
622 2292 669 2364 ita
696 2304 882 2366 moveatur
904 2344 915 2375 ‚
936 2307 998 2376 ,ut
1019 2309 1167 2372 mentem

209 2318 303 2468 grana
329 2404 442 2466 totam
462 2399 612 2483 propter
626 2381 809 2466 Doiirinae
827 2385 918 2462 iilius
931 2388 1095 2482 coelestis
1131 2392 1172 2464 ui·

208 2488 367 2562 dentiam
385 2499 492 2582 atque
505 2480 793 2578 praestantiamad
807 2505 929 2564 uerum
946 2487 1097 2581 pietatis
1113 2487 1173 2563 stu.

207 2583 310 2657 dium
333 2592 533 2674 componat
550 2575 667 2675 (Cap.
689 2575 747 2653 ΠΙ.
766 2584 800 2668 §.
825 2588 1110 2677 1317.1318.);
1132 2601 1175 2659 te·
1216 2583 1217 2604 ¹

210 2679 320 2756 statut
336 2695 421 2752 vero
435 2675 655 2770 experientia
673 2695 740 2749 nec
754 2673 847 2750 hanc
861 2675 1021 2751 Gratiam
1041 2680 1084 2756 in
1104 2705 1177 2758 om·

206 2775 315 2851 nibus
328 2769 535 2847 hominibus
550 2765 654 2852 effici,
670 2769 832 2869 adeoque
846 2795 913 2850 nec
926 2770 1092 2855 Vocatio
1111 2774 1180 2855 effi·

211 2895 279 2948 cax
296 2870 373 2948 haee
390 2867 595 2945 communis
615 2867 677 2942 est.

294 3021 296 3028 '
439 3013 785 3276 ¹Projgussio
824 3022 926 3128 IX.

78 3407 81 3418 .
291 3305 515 3422 Saluifica
537 3305 654 3450 fides
674 3297 1033 3419 confideranua
1068 3357 1182 3428 non

215 3463 284 3604 est
306 3502 399 3573 eeu
420 3501 542 3606 opus
564 3462 790 3610 aliquod,
811 3500 1011 3610 propter
1032 3475 1186 3622 quod

96 3741 111 3762 ἡ
215 3627 353 3727 Deus
377 3615 645 3726 hominem
667 3617 914 3760 justificat,
936 3621 1016 3730 sed
1040 3667 1184 3735 non-

387 3821 390 3826 ·
1085 3782 1183 3891 nifi
